<?xml version="1.0" encoding="UTF-8"?><collection xmlns="http://www.loc.gov/MARC21/slim"><record><leader>00605nam--2200205-u-4500</leader><controlfield tag="001">000056012</controlfield><controlfield tag="002">20161230</controlfield><controlfield tag="005">20161230201052</controlfield><controlfield tag="008">141114s1000------------r-----000-0-rum-d</controlfield><datafield ind1=" " ind2=" " tag="020"><subfield code="a">9738596203</subfield></datafield><datafield ind1=" " ind2=" " tag="040"><subfield code="a">IFIN-HH</subfield></datafield><datafield ind1=" " ind2=" " tag="041"><subfield code="a">rum</subfield></datafield><datafield ind1=" " ind2=" " tag="080"><subfield code="a">02</subfield></datafield><datafield ind1="1" ind2=" " tag="100"><subfield code="a">Watson, Malcom</subfield></datafield><datafield ind1="1" ind2="0" tag="245"><subfield code="a">Managementul informatiei si al bibliotecarilor in mileniul iii</subfield><subfield code="b">Traducere de octavia-luciana porumbeanu, cuvant inainte de mircea regeneala</subfield><subfield code="c">Malcom watson (ed.)</subfield></datafield><datafield ind1=" " ind2=" " tag="260"><subfield code="a">Bucuresti</subfield><subfield code="b">Abir</subfield><subfield code="c">2004</subfield></datafield><datafield ind1=" " ind2=" " tag="300"><subfield code="a">213P</subfield></datafield><datafield ind1=" " ind2=" " tag="490"><subfield code="a">Biblioteca Abir;20</subfield></datafield><datafield ind1=" " ind2=" " tag="852"><subfield code="a">82390</subfield><subfield code="c">02</subfield></datafield><datafield ind1=" " ind2=" " tag="CAT"><subfield code="a">Sys</subfield><subfield code="c">20141114</subfield><subfield code="h">162658</subfield></datafield></record></collection>